@BOOK{relationaldbms,
    TITLE = {Relational DBMS Internals},
    AUTHOR = {Albano, A. and Colazzo, D. and Ghelli, G. and Orsini, R.},
    YEAR = {2020},
}

@BOOK{dsdessentials,
    TITLE = {Decision Support Databases
Essentials},
    AUTHOR = {Albano, A.},
    YEAR = {2015}
}